@misc{1,
author = {Boicea, Alexandru and Rădulescu, Florin and Truică, Ciprian-Octavian and Urse, Loredana},
year = {2016},
month = {06},
pages = {57-64},
title = {Improving Query Performance in Distributed Database},
howpublished={https://www.researchgate.net/publication/304348075_Improving_Query_Performance_in_Distributed_Database},
volume = {18},
journal = {Control Engineering and Applied Informatics}
}

@misc{2,
AUTHOR = {Du, Yan and Cai, Zhi and Ding, Zhiming},
TITLE = {Query Optimization in Distributed Database Based on Improved Artificial Bee Colony Algorithm},
JOURNAL = {Applied Sciences},
VOLUME = {14},
YEAR = {2024},
NUMBER = {2},
ARTICLE-NUMBER = {846},
howpublished = {https://www.mdpi.com/2076-3417/14/2/846},
ISSN = {2076-3417},
ABSTRACT = {Query optimization..... time.},
DOI = {10.3390/app14020846}
}
@misc{3,
author = {Njoku, Donatus and Madu, Fortunatus and Euphemia, Nwokorie},
year = {2016},
month = {10},
pages = {},
title = {An Enhanced Query Processing Algorithm for Distributed Database Systems},
howpublished={https://api.semanticscholar.org/CorpusID:212440908}
}

@misc{4,
  author={Doshi, Pankti and Raisinghani, Vijay},
  booktitle={2011 3rd International Conference on Electronics Computer Technology}, 
  title={Review of dynamic query optimization strategies in distributed database}, 
  year={2011},
  volume={6},
  number={},
  pages={145-149},
  keywords={Optimization;Query processing;Dynamic programming;Distributed databases;Heuristic algorithms;Database;Distributed Query Optimization;optimization Strategies;Deterministic strategies;Randomized Strategies;Autonomous Systems;Dynamic Programming;Iterative Dynamic Programming;Query Trading},
  howpublished={https://api.semanticscholar.org/CorpusID:6765178},
  doi={10.1109/ICECTECH.2011.5942069}
}

@misc{CostEstimation,
  title        = {Cost Estimation in Relational Databasesf},
  author       = {Kurella Rohith Kumar:},
  year         = 2018,
  howpublished={https://wwwiti.cs.uni-magdeburg.de/},
  note={[Accessed on:26 04 2024]}
}

@misc{Query,
  title        = {Query processing in DBMS},
  author       = {Codingninjas},
  year         = 2024,
  howpublished={https://www.naukri.com/code360/library/query-processing-in-dbms},
  note={[Accessed on:03 05 2024]}
}

@misc{QueryProcessing,
	author = {GeeksforGeeks},
	month = {8},
	title = {{SQL query processing}},
	year = {2018},
	howpublished = {https://www.geeksforgeeks.org/sql-query-processing/},
}
@misc{Oracle,
    author = {oracle},
	month = {6},
	title = {{SQL Processing}},
	year = {2024},
	howpublished = {https://docs.oracle.com/en/database/oracle/oracle-database/19/tgsql/sql-processing.html#GUID-873A7B2CCD17-428A-8AE2-5B08906E45FB},
}
@misc{dremio-2024,
	author = {Dremio},
	month = {4},
	title = {{Query Optimization | Dremio}},
	year = {2024},
	howpublished = {https://www.dremio.com/wiki/query-optimization/},
}
@misc{wikipedia-contributors-2023,
	author = {{Wikipedia contributors}},
	date = {2023-08-12},
	title = {Query optimization},
	howpublished = {https://en.wikipedia.org/wiki/Query_optimization#cite_note-ACM1996-2},
}
@misc{selinger-1979,
	author = {given-i=PG, given={Patricia G.}, family=Selinger and given-i=MM, given={M. M.}, family=Astrahan and given-i=DD, given={Donald D.}, family=Chamberlin and given-i=RA, given={Raymond A.}, family=Lorie and given-i=TG, given={Thomas G.}, family=Price},
	date = {1979-01-01},
	doi = {10.1145/582095.582099},
	journaltitle = {Access path selection in a relational database management system},
	title = {Access path selection in a relational database management system},
	howpublished = {https://doi.org/10.1145/582095.582099}
}
@misc{Materialized-View,
author = {Mistry, Hoshi and Roy, Prasan and Sudarshan, S. and Ramamritham, Krithi},
title = {Materialized view selection and maintenance using multi-query optimization},
year = {2001},
isbn = {1581133324},
publisher = {Association for Computing Machinery},
address = {New York, NY, USA},
howpublished = {https://doi.org/10.1145/375663.375703},
doi = {10.1145/375663.375703},
abstract = {Materialized views have.....  containing queries and updates.},
booktitle = {Proceedings of the 2001 ACM SIGMOD International Conference on Management of Data},
pages = {307–318},
numpages = {12},
location = {Santa Barbara, California, USA},
series = {SIGMOD '01}
}

@article{goldstein2001optimizing,
  title={Optimizing queries using materialized views: a practical, scalable solution},
  author={Goldstein, Jonathan and Larson, Per-{\AA}ke},
  journal={ACM SIGMOD Record},
  volume={30},
  number={2},
  pages={331--342},
  year={2001},
  publisher={ACM New York, NY, USA},
  howpublished={https://api.semanticscholar.org/CorpusID:10705100}
}

@misc{380392,
  author={Chaudhuri, S. and Krishnamurthy, R. and Potamianos, S. and Shim, K.},
  booktitle={Proceedings of the Eleventh International Conference on Data Engineering}, 
  title={Optimizing queries with materialized views}, 
  year={1995},
  volume={},
  number={},
  pages={190-200},
  keywords={Databases;Query processing;Remuneration;Laboratories;Lab-on-a-chip;EMP radiation effects},
  howpublished={https://www.researchgate.net/publication/2456754_Optimizing_Queries_with_Materialized_Views}
  doi={10.1109/ICDE.1995.380392}}
@misc{agrawal2000automated,
  title={Automated selection of materialized views and indexes in SQL databases},
  author={Agrawal, Sanjay and Chaudhuri, Surajit and Narasayya, Vivek R},
  booktitle={VLDB},
  volume={2000},
  pages={496--505},
  howpublished ={https://api.semanticscholar.org/CorpusID:9086267},
  year={2000}
}
@misc{karde2010selection,
  title={Selection of materialized views using query optimization in database management: An efficient methodology},
  author={Karde, P and Thakare, VM},
  journal={International Journal of Management Systems},
  volume={2},
  number={4},
  pages={116--130},
  howpublished={https://www.researchgate.net/publication/228532022_Selection_Of_Materialized_View_Using_Query_Optimization_In_Database_Management_An_Efficient_Methodology},
  year={2010}
}
@misc{Data_warehousing,
author = {Chaudhuri, Surajit and Dayal, Umeshwar},
title = {An overview of data warehousing and OLAP technology},
year = {1997},
issue_date = {March 1997},
publisher = {Association for Computing Machinery},
address = {New York, NY, USA},
volume = {26},
number = {1},
issn = {0163-5808},
howpublished = {https://doi.org/10.1145/248603.248616},
doi = {10.1145/248603.248616},
abstract = {Data warehousing and on-line analytical processing (OLAP) a.... Conference, 1996.},
journal = {SIGMOD Rec.},
month = {mar},
pages = {65–74},
numpages = {10}
}
@misc{efficient_incremental ,
  author={Chen, S. and Rundensteiner, E.A.},
  booktitle={21st International Conference on Data Engineering (ICDE'05)}, 
  title={GPIVOT: efficient incremental maintenance of complex ROLAP views}, 
  year={2005},
  volume={},
  number={},
  pages={552-563},
  keywords={Engines;Warehousing;Multidimensional systems;Data warehouses;Relational databases;Costs;Query processing;Marketing and sales;Performance analysis;Video recording},
  howpublished={https://ieeexplore.ieee.org/document/1410171},
  doi={10.1109/ICDE.2005.71}}

@misc{rashid2009role,
  title={Role of materialized view maintenance with PIVOT and UNPIVOT operators},
  author={Rashid, ANMB and Islam, MS},
  booktitle={IEEE International Advance Computing Conference (IACC’09), Patiala, India},
  pages={951--955},
  year={2009},
  howpublished={https://doi.org/10.1007/978-3-642-19542-6_33}
}
@misc{1363763,
  author={Gupta, H. and Mumick, I.S.},
  journal={IEEE Transactions on Knowledge and Data Engineering}, 
  title={Selection of views to materialize in a data warehouse}, 
  year={2005},
  volume={17},
  number={1},
  pages={24-43},
  keywords={Data warehouses;Delay;Databases;Costs;Material storage;Constraint optimization;Information analysis;Data mining;Polynomials;Query processing;Index Terms- Views;view selection;data warehouse;materialization.},
   howpublished = {https://doi.org/10.1109/TKDE.2005.16},
  doi={10.1109/TKDE.2005.16}}

@misc{Ashadevi2008CostEA,
  title={Cost Effective Approach for Materialized Views Selection in Data Warehousing Environment},
  author={B. Ashadevi and Rishab Balasubramanian},
  year={2008},
  howpublished={https://api.semanticscholar.org/CorpusID:17073197}
}

@misc{mongodb-no-date,
	author = {{MongoDB}},
	title = {What is a distributed database?},
	howpublished = {https://www.mongodb.com/resources/basics/databases/distributed-database#:~:text=In%20the%20most%20basic%20terms,computers%20consisting%20of%20individual%20nodes.},
}

@misc{geeksforgeeks-2023,
	author = {given-i=G, given=GeeksforGeeks},
	date = {2023-09-19},
	title = {Distributed Database System},
	howpublished = {https://www.geeksforgeeks.org/distributed-database-system/},
}

@misc{wwwnaukricom-no-date,
	author = {{www.naukri.com}},
	title = {Code 360 by Coding Ninjas},
	howpublished = {https://www.naukri.com/code360/library/query-processing-in-dbms},
}

@thesis{jan-no-date,
	author = {given=Jan, prefix=Adler},
	publisher = {Technische Universität München},
	title = {Materialized views in distributed key-value stores},
    published={https://mediatum.ub.tum.de/1546769},{https://mediatum.ub.tum.de/1546769},
}

@misc{IBM,
    author= {{IBM}},
    date = {2014-02-28},
	title = {PureData System for Analytics 7.1.0},
	howpublished = {https://www.ibm.com/docs/en/psfa/7.1.0?topic=grammar-materialized-views},
}

@misc{chauhan-2024,
	author = {given-i=S, given=Shailendra, family=Chauhan},
	date = {2024-07-30},
	title = {Different types of views in SQL server},
	howpublished = {https://www.scholarhat.com/tutorial/sqlserver/different-types-of-sql-server-views},
}

@misc{Rohan_Vats-2024,
    author = {Rohan vats},
	title = {Types of Views in SQL | Views in SQL [2024]},
	howpublished = {https://www.upgrad.com/blog/types-of-views-in-sql/},
	urldate = {2024-10-14},
}
@misc{ashadevi-2024,
	author = {given=B, family=Ashadevi},
	pages = {447--457},
	title = {Analysis of view selection problem in data warehousing environment},
	howpublished = {https://www.enggjournals.com/ijet/docs/IJET11-03-06-038.pdf},
	volume = {3},
}
@misc{javapoint-author-2024,
    author = {Javatpoint},
	title = {View in SQL Server - javatpoint},
	howpublished = {https://www.javatpoint.com/view-in-sql-server},
}
@misc{Kardel_Thakare,
author = {KARDE, MR and Thakare, V. M.},
year = {2010},
month = {10},
pages = {},
title = {Materialized View Selection Approach Using Tree Based Methodology},
volume = {2},
howpublished={https://www.researchgate.net/publication/50361301_Materialized_View_Selection_Approach_Using_Tree_Based_Methodology},
journal = {International Journal of Engineering Science and Technology}
}

@misc{Kishan_Sainath_no_date,
    author={Kishan sainath},
	title = {{Analysis and evaluation of data mining integration into data warehousing | San Diego State University Digital Collections}},
	howpublished = {https://digitalcollections.sdsu.edu/do/205c32c7-3c89-48e4-a111-5603b9fe083f},
} 

@misc{10.1145/2206869.2206874,
author = {Mami, Imene and Bellahsene, Zohra},
title = {A survey of view selection methods},
year = {2012},
issue_date = {March 2012},
publisher = {Association for Computing Machinery},
address = {New York, NY, USA},
volume = {41},
number = {1},
issn = {0163-5808},
howpublished = {https://doi.org/10.1145/2206869.2206874},
doi = {10.1145/2206869.2206874},
abstract = {Materialized view .....},
journal = {SIGMOD Rec.},
month = apr,
pages = {20–29},
numpages = {10}
}

@misc{williamdassafmsft-2024,
	author = {given-i=W, given=WilliamDAssafMSFT},
	date = {2024-09-16},
	title = {Databases - SQL server},
	howpublished = {https://learn.microsoft.com/en-us/sql/relational-databases/databases/databases?view=sql-server-ver16},
}

@misc{etutorials-03-2024,
    author={etutorials},
	title = {Common Query Optimization Problems  Chapter 35. Understanding Query Optimization:eTutorials.org},
	howpublished = {http://etutorials.org/SQL/microsoft+sql+server+2000/Part+V+SQL+Server+Internals+and+Performance+Tuning/Chapter+35.+Understanding+Query+Optimization/Common+Query+Optimization+Problems/},
}
@misc{team-2020,
	author = {given-i=O, given=OptimizDBA, family=Team},
	date = {2020-12-30},
	title = {Top 5 challenges for 2019 in database optimization},
	howpublished = {https://optimizdba.com/top-5-challenges-for-2019-in-database-optimization/},
}
@misc{editor-ijmter-2015,
	author = {{Editor IJMTER}},
	date = {2015-07-19},
	journaltitle = {www.academia.edu},
	title = {Issues in query processing and optimization},
	howpublished = {https://www.academia.edu/14184007/Issues_in_Query_Processing_and_Optimization},
}
@misc{Stackoverflow-author-08-2008,
	title = {What is the difference between Views and Materialized Views in Oracle?},
    author = {{xxx}},
	date = {2008},
	howpublished = {https://stackoverflow.com/questions/93539/what-is-the-difference-between-views-and-materialized-views-in-oracle},
}